@inproceedings{ongaro2014search,
  title={In search of an understandable consensus algorithm},
  author={Ongaro, Diego and Ousterhout, John},
  booktitle={2014 USENIX Annual Technical Conference (USENIX ATC 14)},
  pages={305--319},
  year={2014}
}

@article{lamport1998part,
  title={The part-time parliament},
  author={Lamport, Leslie},
  journal={ACM Transactions on Computer Systems (TOCS)},
  volume={16},
  number={2},
  pages={133--169},
  year={1998},
  publisher={ACM}
}

@article{lamport2001paxos,
  title={Paxos made simple},
  author={Lamport, Leslie and others},
  journal={ACM Sigact News},
  volume={32},
  number={4},
  pages={18--25},
  year={2001}
}

@phdthesis{ongaro2014consensus,
	title={Consensus: Bridging theory and practice},
	author={Ongaro, Diego},
	year={2014},
	school={STANFORD UNIVERSITY}
}

@inproceedings{chandra2007paxos,
	title={Paxos made live: an engineering perspective},
	author={Chandra, Tushar D and Griesemer, Robert and Redstone, Joshua},
	booktitle={Proceedings of the twenty-sixth annual ACM symposium on Principles of distributed computing},
	pages={398--407},
	year={2007},
	organization={ACM}
}

@online{raftscope,
	author={Ongaro, Diego ongardie},
	title={Super hacky visualization of Raft},
	year=2014,
	url={https://github.com/ongardie/raftscope},
	urldate={2016-09-06},
}

@online{bug,
	author={Ongaro},
	title={Bug in single-server membership changes},
	year=2015,
	url={https://groups.google.com/forum/m/#!msg/raft-dev/t4xj6dJTP6E/d2D9LrWRza8J},
	urldate={2016-09-06},
}
